<record><leader>00000cas a22000007a 4500</leader><controlfield tag="001">13528797</controlfield><controlfield tag="008">860505d19601969paudn ne      0    0eng d</controlfield><datafield ind1=" " ind2=" " tag="010"><subfield code="a">sn 86081357 </subfield></datafield><datafield ind1=" " ind2=" " tag="040"><subfield code="a">NPH</subfield><subfield code="b">eng</subfield><subfield code="c">NPH</subfield><subfield code="d">OCLCQ</subfield></datafield><datafield ind1=" " ind2=" " tag="042"><subfield code="a">msc</subfield></datafield><datafield ind1="0" ind2="4" tag="245"><subfield code="a">The Evening news of, by and for the people of the community.</subfield></datafield><datafield ind1="3" ind2="0" tag="246"><subfield code="a">Evening news</subfield></datafield><datafield ind1=" " ind2=" " tag="260"><subfield code="a">Jersey Shore, Pa. :</subfield><subfield code="b">Jacque Goodman Bowes,</subfield><subfield code="c">-1969.</subfield></datafield><datafield ind1=" " ind2=" " tag="300"><subfield code="a">v. :</subfield><subfield code="b">ill. ;</subfield><subfield code="c">44 cm.</subfield></datafield><datafield ind1=" " ind2=" " tag="310"><subfield code="a">Daily (except Sunday),</subfield><subfield code="b">Jan. 1961-Oct. 1969</subfield></datafield><datafield ind1=" " ind2=" " tag="321"><subfield code="a">Semiweekly,</subfield><subfield code="b">Apr.-Dec. 1960</subfield></datafield><datafield ind1="1" ind2=" " tag="362"><subfield code="a">Began with Apr. 26, 1960 issue?</subfield></datafield><datafield ind1="0" ind2=" " tag="362"><subfield code="a">-v. 9, no. 199 (Oct. 10, 1969).</subfield></datafield><datafield ind1=" " ind2=" " tag="588"><subfield code="a">Description based on: Vol. 1, no. 2 (Apr. 28, 1960).</subfield></datafield><datafield ind1=" " ind2=" " tag="752"><subfield code="a">United States</subfield><subfield code="b">Pennsylvania</subfield><subfield code="c">Lycoming</subfield><subfield code="d">Jersey Shore.</subfield></datafield><datafield ind1="0" ind2="0" tag="780"><subfield code="t">Morning herald (Jersey Shore, Pa.)</subfield></datafield><datafield ind1="0" ind2="7" tag="785"><subfield code="t">Express (Lock Haven, Pa. : 1960)</subfield><subfield code="w">(DLC)sn 85054731</subfield></datafield><datafield ind1="0" ind2="7" tag="785"><subfield code="t">Express with the Jersey Shore evening news</subfield><subfield code="w">(DLC)sn 85054732</subfield></datafield><datafield ind1="1" ind2=" " tag="029"><subfield code="a">AU@</subfield><subfield code="b">000023468162</subfield></datafield></record>